<?xml version="1.0" encoding="UTF-8"?><collection xmlns="http://www.loc.gov/MARC21/slim"><record><leader>00433nam--2200169-i-4500</leader><controlfield tag="001">000015493</controlfield><controlfield tag="002">20161230</controlfield><controlfield tag="005">20170221161804</controlfield><controlfield tag="008">060222s1000------------r-----000-0-eng-d</controlfield><datafield ind1=" " ind2=" " tag="100"><subfield code="a">Das, H. A</subfield></datafield><datafield ind1=" " ind2=" " tag="245"><subfield code="a">Environmental radioanalysis</subfield></datafield><datafield ind1=" " ind2=" " tag="260"><subfield code="a">Amsterdam</subfield><subfield code="b">Elsevier Sci.Publ</subfield><subfield code="c">1983</subfield></datafield><datafield ind1=" " ind2=" " tag="300"><subfield code="a">296 p</subfield></datafield><datafield ind1=" " ind2=" " tag="490"><subfield code="a">Studies In Environmental Science</subfield></datafield><datafield ind1=" " ind2=" " tag="700"><subfield code="a">Faanhof, Arnaud</subfield></datafield><datafield ind1=" " ind2=" " tag="852"><subfield code="a">543.5</subfield></datafield><datafield ind1=" " ind2=" " tag="CAT"><subfield code="a">SYS</subfield><subfield code="c">20170221</subfield><subfield code="h">161804</subfield></datafield></record></collection>